@misc{scenarcz, 
    title={scenar.cz}, 
    url={http://www.scenar.cz/}, 
    journal={Scénář.cz}, 
    author={Gajdůšek, Michal}
} 

@thesis{eichler, 
    title={Jak napsat filmový scénář}, 
    url={https://www.wlyceum.cz/web/soubory/eichlerova.pdf}, 
    school={Walfdorské lyceum}, 
    author={Eichlerová, Barbora},
    type={Zavěrečná práce},
    year={2013}
} 

@article{induformat,
    journal={Industrial Script},
    title={Screenplay Format: Your 30-Step Guide},
    url={https://industrialscripts.com/screenplay-format/},
    year={2014}
}
@article{indufont,
    journal={Industrial Script},
    title={What is THE industry-standard screenplay font?},
    url={https://industrialscripts.com/screenplay-font/},
    year={2018}
}